% related work section
@inproceedings{siniaalto2007comparative,
  title={A comparative case study on the impact of test-driven development on program design and test coverage},
  author={Siniaalto, Maria and Abrahamsson, Pekka},
  booktitle={Empirical Software Engineering and Measurement, 2007. ESEM 2007. First International Symposium on},
  pages={275--284},
  year={2007},
  organization={IEEE}
}

@inproceedings{janzen2006influence,
  title={On the influence of test-driven development on software design},
  author={Janzen, David S and Saiedian, Hossein},
  booktitle={Software Engineering Education and Training, 2006. Proceedings. 19th Conference on},
  pages={141--148},
  year={2006},
  organization={IEEE}
}

@inproceedings{bhat2006evaluating,
  title={Evaluating the efficacy of test-driven development: industrial case studies},
  author={Bhat, Thirumalesh and Nagappan, Nachiappan},
  booktitle={Proceedings of the 2006 ACM/IEEE international symposium on Empirical software engineering},
  pages={356--363},
  year={2006},
  organization={ACM}
}

@article{george2004structured,
  title={A structured experiment of test-driven development},
  author={George, Boby and Williams, Laurie},
  journal={Information and software Technology},
  volume={46},
  number={5},
  pages={337--342},
  year={2004},
  publisher={Elsevier}
}

@book{pancur2003towards,
  title={Towards empirical evaluation of test-driven development in a university environment},
  author={Pancur, Mataz and Ciglaric, Mojca and Trampus, M and Vidmar, Tone},
  volume={2},
  year={2003},
  publisher={IEEE}
}

@incollection{flohr2006lessons,
  title={Lessons learned from an XP experiment with students: Test-first needs more teachings},
  author={Flohr, Thomas and Schneider, Thorsten},
  booktitle={Product-Focused Software Process Improvement},
  pages={305--318},
  year={2006},
  publisher={Springer}
}

@inproceedings{geras2004prototype,
  title={A prototype empirical evaluation of test driven development},
  author={Geras, Adam and Smith, M and Miller, James},
  booktitle={Software Metrics, 2004. Proceedings. 10th International Symposium on},
  pages={405--416},
  year={2004},
  organization={IEEE}
}

%Guidline of conducting researches in SE
@article{kitchenham2002preliminary,
  title={Preliminary guidelines for empirical research in software engineering},
  author={Kitchenham, Barbara A and Pfleeger, Shari Lawrence and Pickard, Lesley M and Jones, Peter W and Hoaglin, David C. and El Emam, Khaled and Rosenberg, Jarrett},
  journal={Software Engineering, IEEE Transactions on},
  volume={28},
  number={8},
  pages={721--734},
  year={2002},
  publisher={IEEE}
}

@article{runeson2009guidelines,
  title={Guidelines for conducting and reporting case study research in software engineering},
  author={Runeson, Per and H{\"o}st, Martin},
  journal={Empirical software engineering},
  volume={14},
  number={2},
  pages={131--164},
  year={2009},
  publisher={Springer}
}

% mutation
@ARTICLE{andrews2006using,
author={Andrews, J.H. and Briand, L.C. and Labiche, Y. and Namin, A.S.},
journal={Software Engineering, IEEE Transactions on},
title={Using Mutation Analysis for Assessing and Comparing Testing Coverage Criteria},
year={2006},
month={Aug},
volume={32},
number={8},
pages={608-624},
keywords={data flow analysis;design of experiments;probability;program control structures;program debugging;program testing;software fault tolerance;empirical assessment;experimental design;industrial program;mutation analysis;mutation operators;program control criteria;program data flow criteria;program debugging;software fault detection probability;software testing coverage criteria;Costs;Debugging;Failure analysis;Fault detection;Genetic mutations;Industrial control;Size control;Software testing;Statistical analysis;System testing;Testing and debugging;experimental design.;test coverage of code;testing strategies},
doi={10.1109/TSE.2006.83},
ISSN={0098-5589},}

@ARTICLE{fraser2012mutation,
author={Fraser, G. and Zeller, A.},
journal={Software Engineering, IEEE Transactions on},
title={Mutation-Driven Generation of Unit Tests and Oracles},
year={2012},
month={March},
volume={38},
number={2},
pages={278-292},
keywords={automatic test pattern generation;object-oriented programming;optimisation;program testing;artificial defects;automated test case generation;mutation driven generation;mutation operators;object-oriented classes;open source libraries;optimization;oracle;test suites quality;unit test;Biological cells;Generators;Genetic algorithms;Libraries;Software;Software algorithms;Testing;Mutation analysis;assertions;search-based testing.;test case generation;test oracles;unit testing},
doi={10.1109/TSE.2011.93},
ISSN={0098-5589},}

@misc{pitest:2014,
author={Henry Coles},
title={PIT},
year="2014",
howpublished= {\url{http://pitest.org/}}
}

@misc{jacoco:2014,
author={Mountainminds GmbH, Co. KG and Contributors},
title={JaCoCo Java Code Coverage Library},
year="2014",
howpublished= {\url{lhttp://www.eclemma.org/}}
}

@misc{mlevinson:2008,
author="Mark Levinson",
title="Misconceptions with Test Driven Development",
month="Nov",
Year="2008",
howpublished = {\url{http://agilepainrelief.com/notesfromatooluser/2008/11/misconceptions-with-test-driven-development.html}}
}

@article{madeyski2010impact,
  title={The impact of test-first programming on branch coverage and mutation score indicator of unit tests: An experiment},
  author={Madeyski, Lech},
  journal={Information and Software Technology},
  volume={52},
  number={2},
  pages={169--184},
  year={2010},
  publisher={Elsevier}
}
@article{panvcur2011impact,
  title={Impact of test-driven development on productivity, code and tests: A controlled experiment},
  author={Pan{\v{c}}ur, Matja{\v{z}} and Ciglari{\v{c}}, Mojca},
  journal={Information and Software Technology},
  volume={53},
  number={6},
  pages={557--573},
  year={2011},
  publisher={Elsevier}
}
@inproceedings{cauevic2012quality,
  title={Quality of testing in test driven development},
  author={Cauevic, Adnan and Punnekkat, Sasikumar and Sundmark, Daniel},
  booktitle={Quality of Information and Communications Technology (QUATIC), 2012 Eighth International Conference on the},
  pages={266--271},
  year={2012},
  organization={IEEE}
}

@article{demillo1978hints,
  title={Hints on test data selection: Help for the practicing programmer},
  author={DeMillo, Richard A and Lipton, Richard J and Sayward, Frederick G},
  journal={Computer},
  volume={11},
  number={4},
  pages={34--41},
  year={1978},
  publisher={IEEE}
}
@article{budd1980mutation,
  title={Mutation analysis of program test data},
  author={Budd, Timothy Alan},
  year={1980},
  publisher={Yale University}
}
@article{hamlet1977testing,
  title={Testing programs with the aid of a compiler},
  author={Hamlet, Richard G.},
  journal={Software Engineering, IEEE Transactions on},
  number={4},
  pages={279--290},
  year={1977},
  publisher={IEEE}
}
@inproceedings{offutt1994practical,
  title={A practical system for mutation testing: help for the common programmer},
  author={Offutt, A Jefferson},
  booktitle={Test Conference, 1994. Proceedings., International},
  pages={824--830},
  year={1994},
  organization={IEEE}
}

@INPROCEEDINGS{just2012redundant,
author={Just, R. and Kapfhammer, G.M. and Schweiggert, F.},
booktitle={Software Testing, Verification and Validation (ICST), 2012 IEEE Fifth International Conference on},
title={Do Redundant Mutants Affect the Effectiveness and Efficiency of Mutation Analysis?},
year={2012},
month={April},
pages={720-725},
keywords={program testing;conditional operator replacement;mutation analysis efficiency;mutation operator;mutation score;oracle test;redundant mutant;redundant-free manner;relational operator replacement;software system;Connectors;Educational institutions;Focusing;Measurement;Redundancy;Runtime;Software systems;effectiveness;efficiency;mutation analysis;mutation operators;redundant mutants},
doi={10.1109/ICST.2012.162},}

@INPROCEEDINGS{just2012usingnon-redundant,
author={Just, R. and Kapfhammer, G.M. and Schweiggert, F.},
booktitle={Software Reliability Engineering (ISSRE), 2012 IEEE 23rd International Symposium on},
title={Using Non-redundant Mutation Operators and Test Suite Prioritization to Achieve Efficient and Scalable Mutation Analysis},
year={2012},
month={Nov},
pages={11-20},
keywords={program diagnostics;program testing;complex software systems;computationally expensive method;large software systems;nonredundant mutation operators;nonredundant operators;open-source applications;real-world application analysis;scalable mutation analysis;test oracles;test suite prioritization;Computer science;Connectors;Educational institutions;Redundancy;Runtime;Software systems;Testing},
doi={10.1109/ISSRE.2012.31},
ISSN={1071-9458},}

@inproceedings{just2011using,
  title={Using conditional mutation to increase the efficiency of mutation analysis},
  author={Just, Ren{\'e} and Kapfhammer, Gregory M and Schweiggert, Franz},
  booktitle={Proceedings of the 6th International Workshop on Automation of Software Test},
  pages={50--56},
  year={2011},
  organization={ACM}
}
@inproceedings{just2011major,
  title={MAJOR: An efficient and extensible tool for mutation analysis in a Java compiler},
  author={Just, Rene and Schweiggert, Franz and Kapfhammer, Gregory M},
  booktitle={Proceedings of the 2011 26th IEEE/ACM International Conference on Automated Software Engineering},
  pages={612--615},
  year={2011},
  organization={IEEE Computer Society}
}
@inproceedings{andrews2005mutation,
  title={Is mutation an appropriate tool for testing experiments?[software testing]},
  author={Andrews, James H and Briand, Lionel C and Labiche, Yvan},
  booktitle={Software Engineering, 2005. ICSE 2005. Proceedings. 27th International Conference on},
  pages={402--411},
  year={2005},
  organization={IEEE}
}


% TDD
@book{beck2004extreme,
  title={Extreme programming explained: embrace change},
  author={Beck, Kent and Andres, Cynthia},
  year={2004},
  publisher={Addison-Wesley Professional}
}
@book{astels2003test,
  title={Test driven development: A practical guide},
  author={Astels, Dave},
  year={2003},
  publisher={Prentice Hall Professional Technical Reference}
}
@article{janzen2005test,
  title={Test-driven development concepts, taxonomy, and future direction},
  author={Janzen, David and Saiedian, Hossein},
  journal={Computer},
  volume={38},
  number={9},
  pages={43--50},
  year={2005},
  publisher={IEEE}
}
@book{beck2003test,
  title={Test-driven development: by example},
  author={Beck, Kent},
  year={2003},
  publisher={Addison-Wesley Professional}
}
@article{rafique2013effects,
  title={The effects of test-driven development on external quality and productivity: a meta-analysis},
  author={Rafique, Yahya and Misic, V},
  year={2013},
  publisher={IEEE}
}
@inproceedings{kollanus2010test,
  title={Test-driven development-still a promising approach?},
  author={Kollanus, Sami},
  booktitle={Quality of Information and Communications Technology (QUATIC), 2010 Seventh International Conference on the},
  pages={403--408},
  year={2010},
  organization={IEEE}
}
@article{janzen2008does,
  title={Does test-driven development really improve software design quality?},
  author={Janzen, David S and Saiedian, Hossein},
  journal={Software, IEEE},
  volume={25},
  number={2},
  pages={77--84},
  year={2008},
  publisher={IEEE}
}
@article{nagappan2008realizing,
  title={Realizing quality improvement through test driven development: results and experiences of four industrial teams},
  author={Nagappan, Nachiappan and Maximilien, E Michael and Bhat, Thirumalesh and Williams, Laurie},
  journal={Empirical Software Engineering},
  volume={13},
  number={3},
  pages={289--302},
  year={2008},
  publisher={Springer}
}
@article{larman2001aim,
  title={Aim, fire},
  author={Larman, Craig},
  journal={IEEE SOFTWARE},
  year={2001}
}
@book{feathers2004working,
  title={Working effectively with legacy code},
  author={Feathers, Michael},
  year={2004},
  publisher={Prentice Hall Professional}
}
BDD
@article{north2006introducing,
  title={Introducing bdd},
  author={North, Dan},
  journal={Better Software, March},
  year={2006}
}

@misc{Astels2006Beyond,
title={Google TechTalk: Beyond Test Driven Develoment: Behavior Driven Development},
author={Astels, Dave},
year={2006},	
url="\url{http://www.youtube.com/watch?v=XOkHh8zF33o}"
}

@article{mccabe1976complexity,
title={A complexity measure},
author={McCabe, Thomas J},
journal={Software Engineering, IEEE Transactions on},
number={4},
pages={308--320},
year={1976},
publisher={IEEE}
}

@article{hoffmann2007code,
  title={Code Coverage Analysis for Eclipse},
  author={Hoffmann, Marc R and Iachelini, Gilles},
  journal={Eclipse Summit Europe},
  year={2007}
}
@article{leejavancss,
  title={JavaNCSS-a source measurement suite for Java, 2005},
  author={Lee, Clemens},
  journal={URL: http://javancss.codehaus. org}
}

@online{toolPitest,
title = {Pitest: Real world mutation testing},
url = {"http://pitest.org/"},
}

@article{fujita2008evaluating,
  title={Evaluating Software Development methodologies based on their practices and promises},
  author={Fujita, H and Zualkernan, I},
  journal={New Trends in Software Methodologies Tools and Techniques},
  volume={182},
  pages={14},
  year={2008}
}
@book{fenton1998software,
  title={Software metrics: a rigorous and practical approach},
  author={Fenton, Norman E and Pfleeger, Shari Lawrence},
  year={1998},
  publisher={PWS Publishing Co.}
}
@article{basili1984methodology,
  title={A methodology for collecting valid software engineering data},
  author={Basili, Victor R and Weiss, David M},
  journal={Software Engineering, IEEE Transactions on},
  number={6},
  pages={728--738},
  year={1984},
  publisher={IEEE}
}

@InBook{kapfhammer-testing-handbook,
  author =       {Gregory M. Kapfhammer},
  editor =       {Allen Tucker},
  title =        {The Computer Science and Engineering Handbook},
  chapter =      {Chapter 105: Software Testing},
  publisher =    {CRC Press},
  year =         {2004},
  address =      {Boca Raton, FL},
  edition =      {Second}
}

@book{hamlet2000engineering,
  title={The Engineering of Software: A Technical Guide for the Individual},
  author={Hamlet, Dick and Maybee, Joe},
  year={2000},
  publisher={Addison-Wesley Longman Publishing Co., Inc.}
}

@article{zhu1997software,
  title={Software unit test coverage and adequacy},
  author={Zhu, Hong and Hall, Patrick AV and May, John HR},
  journal={Acm computing surveys (csur)},
  volume={29},
  number={4},
  pages={366--427},
  year={1997},
  publisher={ACM}
}
@article{weyuker1988evaluation,
  title={The evaluation of program-based software test data adequacy criteria},
  author={Weyuker, Elaine J.},
  journal={Communications of the ACM},
  volume={31},
  number={6},
  pages={668--675},
  year={1988},
  publisher={ACM}
}

@book{fowler1999refactoring,
  title={Refactoring: improving the design of existing code},
  author={Fowler, Martin},
  year={1999},
  publisher={Addison-Wesley Professional}
}

@misc{steve2011Code,
author = {Steve Cornett},
title = {Code Coverage Analysis},
year = {1996-2011},
url = {http://www.bullseye.com/coverage.html},
}

@misc{DO-178B,
title = {DO-178B: Software Considerations in Airborne Systems and Equipment Certification},
author = {SC-167},
howpublished = {RTCA},
year = {1992}
}

@misc{DO-254,
title = {DO-254: Design Assurance Guidance for
Airborne Electronic Hardware},
author = {SC-180},
howpublished = {RTCA},
year = {2004}
}
@misc{IEC61508,
title = {IEC 61508: Functional Safety of Electrical/Electronic/Programmable Electronic Safety-related Systems},
howpublished = {IEC},
year = {1998}
}

@misc{bench_sf100,
  title = {SF100 Benchmarks},
  howpublished = {\url{http://www.evosuite.org/sf100/}},
}
@misc{trove3.3,
  title = {TROVE: High Performance Collections for Java},
  howpublished = {\url{http://trove.starlight-systems.com/home}}
}
@misc{apacheCommons,
  title = {Apache Commons},
  howpublished = {\url{http://commons.apache.org/}}
}

